<?xml version="1.0" encoding="UTF-8"?><collection xmlns="http://www.loc.gov/MARC21/slim"><record><leader>00494nam--2200181-i-4500</leader><controlfield tag="001">000026352</controlfield><controlfield tag="002">20161230</controlfield><controlfield tag="005">20161230201036</controlfield><controlfield tag="008">060222s1000------------r-----000-0-eng-d</controlfield><datafield ind1=" " ind2=" " tag="040"><subfield code="a">IFIN-HH</subfield></datafield><datafield ind1=" " ind2=" " tag="080"><subfield code="a">539.12</subfield></datafield><datafield ind1="1" ind2=" " tag="100"><subfield code="a">Kastner, Jacob</subfield></datafield><datafield ind1="1" ind2="0" tag="245"><subfield code="a">Nature`s invisible rays</subfield><subfield code="c">Jacob kastner</subfield></datafield><datafield ind1=" " ind2=" " tag="260"><subfield code="a">Oak Ridge, Tennessee</subfield><subfield code="b">Technical Information Center</subfield><subfield code="c">1970, 1973</subfield></datafield><datafield ind1=" " ind2=" " tag="300"><subfield code="a">44P</subfield></datafield><datafield ind1=" " ind2=" " tag="490"><subfield code="a">The World Of The Atom Series</subfield></datafield><datafield ind1=" " ind2=" " tag="852"><subfield code="a">42662</subfield><subfield code="c">539.12</subfield></datafield><datafield ind1=" " ind2=" " tag="CAT"><subfield code="a">Sys</subfield><subfield code="c">20111124</subfield><subfield code="h">144319</subfield></datafield></record></collection>